<?xml version="1.0" encoding="UTF-8"?><collection xmlns="http://www.loc.gov/MARC21/slim"><record><leader>00565nam--2200133-i-4500</leader><controlfield tag="001">000009106</controlfield><controlfield tag="002">20161230</controlfield><controlfield tag="005">20161230201028</controlfield><controlfield tag="008">060222s1000------------r-----000-0-eng-d</controlfield><datafield ind1=" " ind2=" " tag="080"><subfield code="a">543.544</subfield></datafield><datafield ind1=" " ind2=" " tag="245"><subfield code="a">Gas chromatography 1968. proceedings of the se venth international symposium of gas chromatog raphy and its exploitation organized by the ga s chromatography discussion group of the insti tute of petrpleum, held at the falkoner centre t, copenhagen, 25</subfield></datafield><datafield ind1=" " ind2=" " tag="260"><subfield code="a">London, The Institute Of Petroleum, 1969 Xvi + 499 P</subfield></datafield><datafield ind1=" " ind2=" " tag="700"><subfield code="a">Harbourn, C.L.A</subfield></datafield><datafield ind1=" " ind2=" " tag="852"><subfield code="a">31899</subfield></datafield></record></collection>